Books
@manual{phy-gum,
  title = {Introduction to Measurement in the Physics Laboratory. A probabilistic approach.},
  author = {Buffler, Andy and Allie, Saalih and Lubben, Fred and Campbell, Bob},
  organization = {{Department of Physics, University of Cape Town, South Africa} and {Science Education Group, Department of Educational Studies, University of York, UK}},
  edition = {Version 3.5},
  year = {2009},
  url = {http://www.phy.uct.ac.za/phy/people/academic/buffler/downloads/labmanual},
  note = {[Online; accessed 18-February-2020]}
}



Web pages for Introduciton on Programming Languages and Python

@misc{wiki,
    author = {{Wikipedia contributors}},
    title = {LaTeX --- {Wikipedia}{,} The Free Encyclopedia},
    year = {2011},
    url = {https://en.wikipedia.org/w/index.php?title=LaTeX&oldid=413720397},
    note = {[Online; accessed 10-February-2020]}
}


@misc{wikipedia_machine_code,
  author = {{Wikipedia contributors}},
  title = {Machine Code --- {Wikipedia}{,} The Free Encyclopedia},
  url = {https://en.wikipedia.org/wiki/Machine_code},
  note = {[Online; accessed 10-February-2020]}
}

@misc{wikipedia_assembly,
  author = {{Wikipedia contributors}},
  title = {Assembly Language --- {Wikipedia}{,} The Free Encyclopedia},
  url = {https://en.wikipedia.org/wiki/Assembly_language},
  note = {[Online; accessed 10-February-2020]}
}

@misc{wikipedia_compiler,
  author = {{Wikipedia contributors}},
  title = {Compiler --- {Wikipedia}{,} The Free Encyclopedia},
  url = {https://en.wikipedia.org/wiki/Compiler},
  note = {[Online; accessed 10-February-2020]}
}

@misc{mozilla_dynamic,
  title = {Dynaimc Programming Language --- {MDN Web Docs}},
  url = {https://developer.mozilla.org/en-US/docs/Glossary/Dynamic_programming_language},
  note = {[Online; accessed 10-February-2020]}
}

@misc{net-info_compiling_python,
  title = {Compiling and Linking in Python --- {Net-informations.com}},
  url = {http://net-informations.com/python/iq/linking.htm},
  note = {[Online; accessed 10-February-2020]}
}

@misc{ned_python_interp,
    author = {Ned Batchelder},
    title = {Is Python interpreted or compiled? Yes. --- {Ned Batchelder}},
    url = {https://nedbatchelder.com/blog/201803/is_python_interpreted_or_compiled_yes.html},
    note = {[Online; accessed 10-February-2020]}
}